% Encoding: UTF-8

@misc{cryosat mission summary - esa earth observation missions - earth online - esa, url={https://earth.esa.int/web/guest/missions/esa-eo-missions/cryosat/mission-summary}, journal={CryoSat Mission Summary - ESA Earth Observation Missions - Earth Online - ESA}}